@misc{IBM,
    author = "IBM Cloud Education ",
    title = "Supervised Learning",
    howpublished = {\url{https://www.ibm.com/cloud/learn/supervised-learning}},
    note = {9 August 2020} 
}

@misc{Supervised,
    author = "Jason Brownlee",
    title = "Supervised and Unsupervised Machine Learning Algorithms",
    howpublished = {\url{https://machinelearningmastery.com/supervised-and-unsupervised-machine-learning-algorithms}},
    note = {20 August 2020}
}

@misc{BestK,
    author = "Amey Band",
    title = "How to find the optimal value of K in KNN?",
    howpublished = {\url{https://towardsdatascience.com/how-to-find-the-optimal-value-of-k-in-knn-35d936e554eb}},
    note = {23 May 2020}
}

@misc{KNN,
    author = "Madison Schott",
    title = "K-Nearest Neighbors (KNN) Algorithm for Machine Learning?",
    howpublished = {\url{https://medium.com/capital-one-tech/k-nearest-neighbors-knn-algorithm-for-machine-learning-e883219c8f26}},
    note = {22 April 2019}
}

@misc{NB,
    author = "Jason Brownlee",
    title = "Naive Bayes for Machine Learning",
    howpublished = {\url{https://machinelearningmastery.com/naive-bayes-for-machine-learning}},
    note = {15 August 2020}
}

@misc{NBStack,
    author = "jlund3",
    title = "Naive Bayes for Machine Learning",
    howpublished = {https://stats.stackexchange.com/questions/33185/difference-between-naive-bayes-multinomial-naive-bayes},
    note = {22 july 2014}
}

@misc{NBDG,
    author = "Prateek Majumder",
    title = "Gaussian Naive Bayes",
    howpublished = {\url{https://iq.opengenus.org/gaussian-naive-bayes}},
    note = {5 May 2021}
}


@misc{Tree,
    author = "Davuluri Hemanth Chowdary",
    title = "Decision Trees Explained With a Practical Example",
    howpublished = {\url{https://towardsai.net/p/programming/decision-trees-explained-with-a-practical-example-fe47872d3b53}},
    note = {28 May 2020}
}

@misc{Tree2,
    author = "Nagesh Singh Chauhan",
    title = "Decision Tree Algorithm, Explained",
    howpublished = {\url{https://www.kdnuggets.com/2020/01/decision-tree-algorithm-explained.html}},
    note = {Junuary 2020}
}


@misc{KNNbasics,
    author = "Onel Harrison",
    title = "Machine Learning Basics with the K-Nearest Neighbors Algorithm",
    howpublished = {\url{https://towardsdatascience.com/machine-learning-basics-with-the-k-nearest-neighbors-algorithm-6a6e71d01761}},
    note = {10 September 2018}
}

@misc{WineDataset,
    author = "P. Cortez",
    title = "Wine Quality Data Set",
    howpublished = {\url{https://archive.ics.uci.edu/ml/datasets/wine+quality}},
    note = {04 May 2021}
}